<?xml version="1.0" encoding="UTF-8"?><record xmlns="http://www.loc.gov/MARC21/slim" xmlns:cinclude="http://apache.org/cocoon/include/1.0" xmlns:zs="http://www.loc.gov/zing/srw/">
  <leader>00456nz  a2200121n  4500</leader>
  <controlfield tag="001">nr 92020936 </controlfield>
  <controlfield tag="003">DLC</controlfield>
  <controlfield tag="005">19920606053959.0</controlfield>
  <controlfield tag="008">920604n| acannaab|          |n aaa     c</controlfield>
  <datafield tag="010" ind1=" " ind2=" ">
    <subfield code="a">nr 92020936 </subfield>
  </datafield>
  <datafield tag="040" ind1=" " ind2=" ">
    <subfield code="a">NjP</subfield>
    <subfield code="c">NjP</subfield>
  </datafield>
  <datafield tag="100" ind1="1" ind2="0">
    <subfield code="a">Rocha, Alvany</subfield>
  </datafield>
  <datafield tag="670" ind1=" " ind2=" ">
    <subfield code="a">Intl. Conf. on Diff. Geometric Methods in Theoretical Physics (20th : 1991 : New York, N.Y.). Proceedings ... c1992:</subfield>
    <subfield code="b">t.p. (Alvany Rocha) p. 1183 (Dept. of Mathematics, Baruch College, CUNY, New York, N.Y.)</subfield>
  </datafield>
</record>